=LDR  00000nam a2200000Ia 45e0
=008  200513s9999\\\\xx\\\\\\\\\\\\000\0\und\d
=100  ||$aPersonalName for Creator
=110  ||$aCorp. Name for creator
=245  \0$aSystem ID
=245  |0$fDate
=600  ||$aPersonalName
=610  ||$aCorp. Name
=650  ||$aTopical term
=651  ||$aGeog. Names
=655  ||$aGenre/Form

