=LDR  00000nam a2200000Ia 45e0
=008  200513s9999\\\\xx\\\\\\\\\\\\000\0\und\d
=100  ||$a1898
=110  ||$acorpname not found
=245  \0$a477
=245  |0$f N. C. Letter and Notes"
=600  ||$a N C"
=610  ||$aFrontier and pioneer life
=650  ||$aHenry County--Cambridge (Ill.)||Stark County--Osceola Township (Ill.)
=651  ||$aCopies||Professional papers
=655  ||$a1.00

