=LDR  00000nam a2200000Ia 45e0
=008  200513s9999\\\\xx\\\\\\\\\\\\000\0\und\d
=100  ||$aAdler and Sullivan Oakland Passenger Station
=110  ||$a"Architecture||World's Columbian Exposition (1893 : Chicago
=245  \0$a2
=245  |0$f1893
=600  ||$a"Adler
=610  ||$aCook County--Chicago (Ill.)
=650  ||$aProfessional papers
=651  ||$a12.00
=655  ||$alcnaf||lcnaf

