=LDR  00000nam a2200000Ia 45e0
=008  200513s9999\\\\xx\\\\\\\\\\\\000\0\und\d
=100  ||$a1864-1959
=110  ||$afolder
=245  \0$a7133
=245  |0$f E. M. Collection of Letters"
=600  ||$a 20th century||H. L. Bosworth
=610  ||$a1000
=650  ||$a 1878-1967"
=651  ||$a 1809-1865||Sandburg
=655  ||$a"Lincoln

