=LDR  00000nam a2200000Ia 45e0
=008  200513s9999\\\\xx\\\\\\\\\\\\000\0\und\d
=100  ||$a"1954
=110  ||$acubic feet
=245  \0$a7
=245  |0$f Natalia M. Collection"
=600  ||$a"Belting
=610  ||$a006
=650  ||$a 1908-2001"
=651  ||$a 1915-1990||Seineke
=655  ||$a 1915-1997||Cousins

