=LDR  00000nam a2200000Ia 45e0
=008  200513s9999\\\\xx\\\\\\\\\\\\000\0\und\d
=100  ||$a1864
=110  ||$a"Military||United States--Civil War
=245  \0$a833
=245  |0$f Horatio Nelson. Diary"
=600  ||$a Horatio Nelson"
=610  ||$asubject not found
=650  ||$aCopies||Personal papers
=651  ||$a1.00
=655  ||$alcnaf

