=LDR  00000nam a2200000Ia 45e0
=008  200513s9999\\\\xx\\\\\\\\\\\\000\0\und\d
=100  ||$a1848
=110  ||$alocal
=245  \0$a478
=245  |0$f John. Letter"
=600  ||$a John
=610  ||$alocal
=650  ||$aitem
=651  ||$a483
=655  ||$a 1752-1818"

