=LDR  00000nam a2200000Ia 45e0
=008  200513s9999\\\\xx\\\\\\\\\\\\000\0\und\d
=100  ||$a1924-2014
=110  ||$alcnaf||lcnaf
=245  \0$a4
=245  |0$f Inc. Records"
=600  ||$ano personal name found for EAD 4
=610  ||$alcsh||lcsh||lcsh
=650  ||$asubject source not found
=651  ||$alocal
=655  ||$acubic feet

