=LDR  00000nam a2200000Ia 45e0
=008  200513s9999\\\\xx\\\\\\\\\\\\000\0\und\d
=100  ||$a Survey Plat Book"
=110  ||$acorpname not found
=245  \0$a198
=245  |0$f Ill.
=600  ||$ano personal name found for EAD 198
=610  ||$aProperty||Surveying
=650  ||$aPope County (Ill.)
=651  ||$aBusiness records
=655  ||$a1.00

